<?xml version="1.0" encoding="UTF-8"?><record xmlns="http://www.loc.gov/MARC21/slim" xmlns:cinclude="http://apache.org/cocoon/include/1.0" xmlns:zs="http://www.loc.gov/zing/srw/">
  <leader>00592cz  a2200157n  4500</leader>
  <controlfield tag="001">no2005029025</controlfield>
  <controlfield tag="003">DLC</controlfield>
  <controlfield tag="005">20060918114912.0</controlfield>
  <controlfield tag="008">050329n| acannaabn          |a aaa     c</controlfield>
  <datafield tag="010" ind1=" " ind2=" ">
    <subfield code="a">no2005029025</subfield>
  </datafield>
  <datafield tag="035" ind1=" " ind2=" ">
    <subfield code="a">(OCoLC)oca06595625</subfield>
  </datafield>
  <datafield tag="040" ind1=" " ind2=" ">
    <subfield code="a">NjP</subfield>
    <subfield code="b">eng</subfield>
    <subfield code="c">NjP</subfield>
    <subfield code="d">NmU</subfield>
  </datafield>
  <datafield tag="100" ind1="1" ind2=" ">
    <subfield code="a">Habets, Patrick</subfield>
  </datafield>
  <datafield tag="400" ind1="1" ind2=" ">
    <subfield code="a">Habets, P.</subfield>
    <subfield code="q">(Patrick)</subfield>
  </datafield>
  <datafield tag="670" ind1=" " ind2=" ">
    <subfield code="a">Porcelaine de Tournai, c2004:</subfield>
    <subfield code="b">t.p. (Patrick Habets) jkt. (prof., UniversiteĚ catholique de Louvain; teaches mathematics)</subfield>
  </datafield>
  <datafield tag="670" ind1=" " ind2=" ">
    <subfield code="a">Two-point boundary value problems, 2006: t.p. (Patrick Habets; Univ. catholique de Louvain, Belgium) cover (P. Habets)</subfield>
  </datafield>
</record>